<?xml version="1.0" encoding="utf-8"?>
<record xmlns="http://www.loc.gov/MARC21/slim" xmlns:xsi="http://www.w3.org/2001/XMLSchema-instance" xsi:schemaLocation="http://www.loc.gov/MARC21/slim http://www.loc.gov/standards/marcxml/schema/MARC21slim.xsd">
	<leader>     nam a22     Mi 4500</leader>
	<controlfield tag="001">649938</controlfield>
	<controlfield tag="003">NNC</controlfield>
	<controlfield tag="006">m        d        </controlfield>
	<controlfield tag="007">cr cn |||m|||a</controlfield>
	<controlfield tag="008">190315s1891    ua      o     000 0 ara d</controlfield>
	<datafield ind1=" " ind2=" " tag="040">
		<subfield code="a">ZYU</subfield>
		<subfield code="b">ara</subfield>
		<subfield code="e">rda</subfield>
		<subfield code="c">ZYU</subfield>
	</datafield>
	<datafield ind1=" " ind2="4" tag="050">
		<subfield code="a">BP170</subfield>
		<subfield code="b">.R32 1891</subfield>
	</datafield>
	<datafield ind1="0" ind2=" " tag="100">
		<subfield code="6">880-01</subfield>
		<subfield code="a">Raḥmat Allāh ibn Khalīl al-Raḥmān,</subfield>
		<subfield code="d">1818-1891.</subfield>
	</datafield>
	<datafield ind1="1" ind2="0" tag="240">
		<subfield code="6">880-02</subfield>
		<subfield code="a">Iẓhār al-ḥaqq</subfield>
	</datafield>
	<datafield ind1="1" ind2="0" tag="245">
		<subfield code="6">880-03</subfield>
		<subfield code="a">Kitab iẓhār al-ḥaqq /</subfield>
		<subfield code="c">li-Raḥmat Allāh ibn Khalīl al-Raḥmān al-Hindī. Wa-bi-hāmishihi arbaʻ rasāʼil, al-awwal tarjamat Risālah bi-lisān ardū lil-Sayyid ʻAbd Allāh al-Hindī :</subfield>
		<subfield code="b">dhakara fīhā kayfīyat al-munāẓarah al-madhkūr / li-Rifāʻī al-Khūlī. Wa-al-Thānīyah al-musammāh bi-al-Tanbīhāt fī ithbāt al-iḥtiyāj ilá al-baʻthah wa-al-ḥashr / li-muʼallif Iẓhār al-ḥaqq. Wa-al-thālithah Khulāṣat al-tarjīḥ lil-dīn al-ṣaḥīḥ. Wa-al-rābiʻah Mukhtaṣar al-ajwibah al-jalīyah li-daḥḍ al-daʻwāt al-Naṣrānīyah / wa-kullāhumā li-Muḥammad ibn ʻAlī al-Ṭayyibī al-Shāfiʻī.</subfield>
	</datafield>
	<datafield ind1=" " ind2=" " tag="260">
		<subfield code="6">880-04</subfield>
		<subfield code="a">Miṣr :</subfield>
		<subfield code="b">Al-Maṭbaʻah al-Khayrīyah,</subfield>
		<subfield code="c">1309 [i.e. 1891]</subfield>
	</datafield>
	<datafield ind1=" " ind2=" " tag="300">
		<subfield code="a">online resource (2 volumes in 1.)</subfield>
	</datafield>
	<datafield ind1=" " ind2=" " tag="336">
		<subfield code="a">text</subfield>
		<subfield code="2">rdacontent</subfield>
	</datafield>
	<datafield ind1=" " ind2=" " tag="337">
		<subfield code="a">computer</subfield>
		<subfield code="2">rdamedia</subfield>
	</datafield>
	<datafield ind1=" " ind2=" " tag="338">
		<subfield code="a">online resource</subfield>
		<subfield code="2">rdacarrier</subfield>
	</datafield>
	<datafield ind1=" " ind2=" " tag="500">
		<subfield code="a">In Arabic.</subfield>
	</datafield>
	<datafield ind1=" " ind2=" " tag="500">
		<subfield code="a">Part of the Arabic Collections Online (ACO) project, contributed by Columbia University Libraries.</subfield>
	</datafield>
	<datafield ind1=" " ind2=" " tag="533">
		<subfield code="a">Electronic reproduction.</subfield>
		<subfield code="b">New York, N.Y. :</subfield>
		<subfield code="c">New York University,</subfield>
		<subfield code="d">2019.</subfield>
		<subfield code="5">NNU</subfield>
	</datafield>
	<datafield ind1=" " ind2="0" tag="650">
		<subfield code="a">Islam</subfield>
		<subfield code="v">Apologetic works.</subfield>
	</datafield>
	<datafield ind1=" " ind2="0" tag="650">
		<subfield code="a">Islam</subfield>
		<subfield code="x">Relations</subfield>
		<subfield code="x">Christianity.</subfield>
	</datafield>
	<datafield ind1=" " ind2="0" tag="650">
		<subfield code="a">Christianity and other religions</subfield>
		<subfield code="x">Islam.</subfield>
	</datafield>
	<datafield ind1=" " ind2="0" tag="650">
		<subfield code="a">Christianity</subfield>
		<subfield code="v">Controversial literature.</subfield>
	</datafield>
	<datafield ind1=" " ind2="0" tag="650">
		<subfield code="a">Islam</subfield>
		<subfield code="x">Doctrines.</subfield>
	</datafield>
	<datafield ind1=" " ind2="7" tag="650">
		<subfield code="a">Christianity.</subfield>
		<subfield code="2">fast</subfield>
		<subfield code="0">(OCoLC)fst00859599</subfield>
	</datafield>
	<datafield ind1=" " ind2="7" tag="650">
		<subfield code="a">Interfaith relations.</subfield>
		<subfield code="2">fast</subfield>
		<subfield code="0">(OCoLC)fst01353343</subfield>
	</datafield>
	<datafield ind1=" " ind2="7" tag="650">
		<subfield code="a">Islam.</subfield>
		<subfield code="2">fast</subfield>
		<subfield code="0">(OCoLC)fst00979776</subfield>
	</datafield>
	<datafield ind1=" " ind2="7" tag="650">
		<subfield code="a">Islam</subfield>
		<subfield code="x">Doctrines.</subfield>
		<subfield code="2">fast</subfield>
		<subfield code="0">(OCoLC)fst00979787</subfield>
	</datafield>
	<datafield ind1=" " ind2="7" tag="655">
		<subfield code="a">Apologetic writings.</subfield>
		<subfield code="2">fast</subfield>
		<subfield code="0">(OCoLC)fst01423698</subfield>
	</datafield>
	<datafield ind1=" " ind2="7" tag="655">
		<subfield code="a">Controversial literature.</subfield>
		<subfield code="2">fast</subfield>
		<subfield code="0">(OCoLC)fst01423907</subfield>
	</datafield>
	<datafield ind1="0" ind2="2" tag="700">
		<subfield code="6">880-05</subfield>
		<subfield code="a">Rifāʻī al-Khūlī.</subfield>
		<subfield code="t">Risālah bi-lisān ardū lil-sayyid ʻAbd Allāh al-Hindī.</subfield>
	</datafield>
	<datafield ind1="0" ind2="2" tag="700">
		<subfield code="a">Raḥmat Allāh ibn Khalīl al-Raḥmān,</subfield>
		<subfield code="d">1818-1891.</subfield>
		<subfield code="t">Tanbīhāt fī ithbāt al-iḥtiyāj ilá al-baʻthah wa-al-ḥashr.</subfield>
	</datafield>
	<datafield ind1="1" ind2="2" tag="700">
		<subfield code="a">Ṭayyibī, Muḥammad ibn ʻAlī.</subfield>
		<subfield code="t">Khulāṣat al-tarjīḥ lil-dīn al-ṣaḥīḥ.</subfield>
	</datafield>
	<datafield ind1="1" ind2="2" tag="700">
		<subfield code="a">Ṭayyibī, Muḥammad ibn ʻAlī.</subfield>
		<subfield code="t">Mukhtaṣar al-ajwibah al-jalīyah li-daḥḍ al-daʻwāt al-Naṣrānīyah.</subfield>
	</datafield>
	<datafield ind1="2" ind2=" " tag="710">
		<subfield code="a">Columbia University.</subfield>
		<subfield code="b">Libraries.</subfield>
	</datafield>
	<datafield ind1="0" ind2=" " tag="730">
		<subfield code="a">Arabic Collections Online.</subfield>
	</datafield>
	<datafield ind1="0" ind2="8" tag="776">
		<subfield code="i">Online version:</subfield>
		<subfield code="a">Raḥmat Allāh ibn Khalīl al-Raḥmān, 1818-1891.</subfield>
		<subfield code="s">Iẓhār al-ḥaqq.</subfield>
		<subfield code="t">Kitab iẓhār al-ḥaqq.</subfield>
		<subfield code="d">Miṣr : Al-Maṭbaʻah al-Khayrīyah, 1309 [i.e. 1891]</subfield>
		<subfield code="w">(OCoLC)663395339</subfield>
	</datafield>
	<datafield ind1="0" ind2="8" tag="776">
		<subfield code="i">Print version:</subfield>
		<subfield code="a">Raḥmat Allāh ibn Khalīl al-Raḥmān, 1818-1891.</subfield>
		<subfield code="t">Kitab iẓhār al-ḥaqq</subfield>
		<subfield code="w">(NNC)649938</subfield>
		<subfield code="w">(OCoLC)26957102</subfield>
	</datafield>
	<datafield ind1="4" ind2="0" tag="856">
		<subfield code="u">http://hdl.handle.net/2333.1/4xgxd998</subfield>
	</datafield>
	<datafield ind1="0" ind2=" " tag="880">
		<subfield code="6">100-01</subfield>
		<subfield code="a">رحمة الله بن خليل الرحمن الهندي.</subfield>
	</datafield>
	<datafield ind1="1" ind2="0" tag="880">
		<subfield code="6">240-02</subfield>
		<subfield code="a">اظهار الحق</subfield>
	</datafield>
	<datafield ind1="1" ind2="2" tag="880">
		<subfield code="6">245-03</subfield>
		<subfield code="a">كتاب اظهار الحق /</subfield>
		<subfield code="c">لرحمة الله بن خليل الرحمن الهندي. وبهامشه أربع رسائل، الاول ترجمة رسالة بلسان اردو للسيذ عبد الله الهندي : ذكر فيها كيفية المناظرة المذكور / رفاعي الخولي. والثانية المسماة بالتنبيهات في اثبات الاحتياج الى البعثة والحشر / لمؤلف اظهار الحق. الثلاثة خلاصة الترجيج للدين الصحيح. والرابعة مختصر الاجوبة الجلية لدحض الدعوات النصرانية / كلاهما لمحمد بن علي الطيبي الشافعي.</subfield>
	</datafield>
	<datafield ind1=" " ind2=" " tag="880">
		<subfield code="6">260-04</subfield>
		<subfield code="a">مصر :</subfield>
		<subfield code="b">المطبعة الخيرية،</subfield>
		<subfield code="c">١٣٠٩.</subfield>
	</datafield>
	<datafield ind1="0" ind2="2" tag="880">
		<subfield code="6">700-00</subfield>
		<subfield code="a">رفاعي الخولي.</subfield>
		<subfield code="t">رسالة بلسان اردو للسيد عبد الله الهندي.</subfield>
	</datafield>
	<datafield ind1="0" ind2="2" tag="880">
		<subfield code="6">700-00</subfield>
		<subfield code="a">رحمة الله بن خليل الرحمن الهندي.</subfield>
		<subfield code="t">تنبيهات في اثبات الاحتياج الى البعثة والحشر.</subfield>
	</datafield>
	<datafield ind1="0" ind2="2" tag="880">
		<subfield code="6">700-00</subfield>
		<subfield code="a">محمد بن علي الطيبي الشافعي.</subfield>
		<subfield code="t">خلاصة الترجيح للدين الصحيح.</subfield>
	</datafield>
	<datafield ind1="0" ind2="2" tag="880">
		<subfield code="6">700-05</subfield>
		<subfield code="a">محمد بن علي الطيبي الشافعي.</subfield>
		<subfield code="t">مختصر الاجوبة الجلية لدحض الدعوات النصرانية.</subfield>
	</datafield>
	<datafield ind1=" " ind2=" " tag="959">
		<subfield code="a">NNU</subfield>
		<subfield code="b">WEB</subfield>
		<subfield code="c">GENI</subfield>
		<subfield code="t">0</subfield>
		<subfield code="m">Electronic access</subfield>
		<subfield code="s">01</subfield>
	</datafield>
	<datafield ind1=" " ind2=" " tag="999">
		<subfield code="i">NNC_649938</subfield>
		<subfield code="o">(OCoLC)ocm26957102 </subfield>
		<subfield code="s">columbia_aco003840</subfield>
		<subfield code="e">(ERROR-880)</subfield>
	</datafield>
</record>
